<record><leader>00000cas a22000007a 4500</leader><controlfield tag="001">13255208</controlfield><controlfield tag="008">860307d19081919wiuwr ne      0    0eng d</controlfield><datafield ind1=" " ind2=" " tag="010"><subfield code="a">sn 86086126 </subfield></datafield><datafield ind1=" " ind2=" " tag="040"><subfield code="a">NPV</subfield><subfield code="b">eng</subfield><subfield code="c">NPV</subfield><subfield code="d">OCLCQ</subfield></datafield><datafield ind1=" " ind2=" " tag="042"><subfield code="a">msc</subfield></datafield><datafield ind1=" " ind2=" " tag="045"><subfield code="a">x0x1</subfield></datafield><datafield ind1=" " ind2=" " tag="052"><subfield code="a">4123</subfield><subfield code="b">G6</subfield></datafield><datafield ind1="0" ind2="4" tag="245"><subfield code="a">The Boscobel dial-enterprise.</subfield></datafield><datafield ind1="1" ind2="3" tag="246"><subfield code="a">Dial-enterprise</subfield></datafield><datafield ind1=" " ind2=" " tag="260"><subfield code="a">Boscobel, Wis. :</subfield><subfield code="b">J.W. Blake estate,</subfield><subfield code="c">1908-1919.</subfield></datafield><datafield ind1=" " ind2=" " tag="300"><subfield code="a">v. :</subfield><subfield code="b">ill.</subfield></datafield><datafield ind1=" " ind2=" " tag="310"><subfield code="a">Weekly</subfield></datafield><datafield ind1="0" ind2=" " tag="362"><subfield code="a">Vol. 30, no. 6 (Aug. 12, 1908)-v. 47, no. 10 (Aug. 20, 1919).</subfield></datafield><datafield ind1=" " ind2=" " tag="500"><subfield code="a">Publisher varies.</subfield></datafield><datafield ind1=" " ind2=" " tag="500"><subfield code="a">Editor: V.S. Pease, Aug. 12, 1908-Oct. 13, 1909.</subfield></datafield><datafield ind1=" " ind2=" " tag="525"><subfield code="a">Supplements accompany some issues.</subfield></datafield><datafield ind1=" " ind2=" " tag="530"><subfield code="a">Available on microfilm from The State Historical Society of Wisconsin.</subfield></datafield><datafield ind1=" " ind2=" " tag="752"><subfield code="a">United States</subfield><subfield code="b">Wisconsin</subfield><subfield code="c">Grant</subfield><subfield code="d">Boscobel.</subfield></datafield><datafield ind1="0" ind2="0" tag="780"><subfield code="t">Dial-enterprise</subfield><subfield code="w">(DLC)sn 86086125</subfield></datafield><datafield ind1="0" ind2="5" tag="780"><subfield code="t">Boscobel sentinel</subfield><subfield code="w">(DLC)sn 85041129</subfield></datafield><datafield ind1="0" ind2="0" tag="785"><subfield code="t">Boscobel dial (Boscobel, Wis. : 1919)</subfield><subfield code="w">(DLC)sn 86086127</subfield></datafield><datafield ind1="1" ind2=" " tag="029"><subfield code="a">AU@</subfield><subfield code="b">000025823761</subfield></datafield></record>